@ARTICLE{gauss,
   AUTHOR = "J. C. F. Gauss",
   TITLE = "{Berechnung des Osterfestes}",
   JOURNAL = "{Monatliche Correspondenz zur Beförderung der Erd- und Himmelskunde}",
   VOLUME = "August",
   YEAR = 1800,
   PAGES = "121--130"
}

@ARTICLE{teets,
   AUTHOR = "D. Teets",
   TITLE = "{Gauss's Computation of the Easter Date}",
   JOURNAL = "{Mathematics Magazine}",
   VOLUME = 92,
   YEAR = 2019,
   PAGES = "91--98"
}

@MISC{zentralratderjuden,
   AUTHOR = "{Zentralrat der Juden in Deutschland}",
   TITLE = "{Zentralrat der Juden: Feiertage}",
   YEAR = "2023",
   HOWPUBLISHED = {\url{https://www.zentralratderjuden.de/judentum/feiertage/}},
   NOTE = "[internet; citirano 11. 4. 2023]"
}

@BOOK{encyclopedia,
   AUTHOR = "Charles B. Herbermann and Edward A. Pace and Conde E. Pallen",
   TITLE = "{The Catholic encyclopedia ; an international work of reference on the constitution, doctrine, discipline and history of the Catholic Church}",
   PUBLISHER = "{Robert Appleton Company}",
   ADDRESS = "New York",
   YEAR = 1907
}

@MISC{calendar,
   AUTHOR = "Claus Tøndering",
   TITLE = "{Frequently Asked Questions about Calendars}",
   YEAR = "2008",
   HOWPUBLISHED = {\url{https://web.archive.org/web/20080926031636/http://www.tondering.dk/claus/cal/node1.html}},
   NOTE = "[internet; citirano 11. 4. 2023]"
}

@MISC{weekday,
   AUTHOR = "Steffen Thorsen",
   TITLE = "{Weekday Calculator: What Day is this Date?}",
   YEAR = "2023",
   HOWPUBLISHED = {\url{https://www.timeanddate.com/date/weekday.html}},
   NOTE = "[internet; citirano 11. 4. 2023]"
}

@BOOK{merriam-webster,
   AUTHOR = "George Merriam and Charles Merriam",
   TITLE = "{The Merriam-Webster Dictionary, Newest Edition}",
   PUBLISHER = "{Merriam-Webster, U.S.}",
   ADDRESS = "Springfield",
   YEAR = 2022
}